@misc{Prot,
  title = {Structure d'une prot√©ine},
  howpublished = {\url{http://www2.cegep-ste-foy.qc.ca/profs/gbourbonnais/pascal/fya/chimcell/notesmolecules/proteines_2.htm}},
  note = {Accessed: 2017-09-30}
}

@misc{CGAl,
  title = {Documentation CGAL},
  howpublished = {\url{https://doc.cgal.org/latest/Manual/packages.html}},
  note = {Accessed: 2017-09-15}
}

@misc{mes,
  title = {Documentation MeshLab},
  howpublished = {\url{http://www.meshlab.net/}},
  note = {Accessed: 2017-08-11}
}

@article{Triangulation,
    author  = "Olivier Devillers",
    title   = "Delaunay triangulation and randomized constructions. Encyclopedia of Al-
gorithms, Springer",
    year    = "2014",
}
@article{intersurf,
  TITLE = {{Intersurf: dynamic interface between proteins}},
  AUTHOR = {Ray, Nicolas and Cavin, Xavier and Paul, Jean-Claude and Maigret, Bernard},
  URL = {https://hal.inria.fr/inria-00105634},
  JOURNAL = {{Journal of Molecular Graphics and Modelling}},
  PUBLISHER = {{Elsevier}},
  VOLUME = {23},
  NUMBER = {4},
  PAGES = {347-354},
  YEAR = {2005},
  DOI = {10.1016/j.jmgm.2004.11.004},
  PDF = {https://hal.inria.fr/inria-00105634/file/interface.pdf},
  HAL_ID = {inria-00105634},
  HAL_VERSION = {v1},
}
